<record><leader>00000cas a22000007a 4500</leader><controlfield tag="001">19234449</controlfield><controlfield tag="008">890218d19091918paudn ne      0    0eng d</controlfield><datafield ind1=" " ind2=" " tag="010"><subfield code="a">sn 89077490 </subfield></datafield><datafield ind1=" " ind2=" " tag="040"><subfield code="a">NPH</subfield><subfield code="b">eng</subfield><subfield code="c">NPH</subfield><subfield code="d">MFN</subfield><subfield code="d">OCLCQ</subfield></datafield><datafield ind1=" " ind2=" " tag="042"><subfield code="a">msc</subfield></datafield><datafield ind1="0" ind2="4" tag="245"><subfield code="a">The Daily record and Blue Ridge zephyr.</subfield></datafield><datafield ind1="1" ind2="7" tag="246"><subfield code="a">Daily record</subfield></datafield><datafield ind1=" " ind2=" " tag="260"><subfield code="a">Waynesboro, Pa. :</subfield><subfield code="b">Waynesboro Record Co.</subfield></datafield><datafield ind1=" " ind2=" " tag="300"><subfield code="a">v.</subfield></datafield><datafield ind1=" " ind2=" " tag="310"><subfield code="a">Daily (except Sun.)</subfield></datafield><datafield ind1="0" ind2=" " tag="362"><subfield code="a">Vol. 16, no. 30 (Jan. 1, 1909)-</subfield></datafield><datafield ind1="1" ind2=" " tag="362"><subfield code="a">Ceased in 1918.</subfield></datafield><datafield ind1=" " ind2=" " tag="752"><subfield code="a">United States</subfield><subfield code="b">Pennsylvania</subfield><subfield code="c">Franklin</subfield><subfield code="d">Waynesboro.</subfield></datafield><datafield ind1="0" ind2=" " tag="775"><subfield code="t">Waynesboro record</subfield><subfield code="w">(DLC)sn 86081697</subfield></datafield><datafield ind1="0" ind2="0" tag="780"><subfield code="t">Blue Ridge zephyr</subfield><subfield code="w">(DLC)sn 89077451</subfield></datafield><datafield ind1="0" ind2="7" tag="785"><subfield code="t">Evening herald (Waynesboro, Pa.)</subfield><subfield code="w">(DLC)sn 89077492</subfield></datafield><datafield ind1="0" ind2="7" tag="785"><subfield code="t">Record-herald and Blue Ridge zephyr</subfield><subfield code="w">(DLC)sn 89077491</subfield></datafield></record>